<?xml version="1.0" encoding="UTF-8"?><collection xmlns="http://www.loc.gov/MARC21/slim"><record><leader>00459nam--2200133-i-4500</leader><controlfield tag="001">000035224</controlfield><controlfield tag="002">20161230</controlfield><controlfield tag="005">20161230201040</controlfield><controlfield tag="008">060222s1000------------r-----000-0-eng-d</controlfield><datafield ind1=" " ind2=" " tag="080"><subfield code="a">621.039.51</subfield></datafield><datafield ind1=" " ind2=" " tag="100"><subfield code="a">Pavelescu, M</subfield></datafield><datafield ind1=" " ind2=" " tag="245"><subfield code="a">Metode de calcul in utilizarea teoriei jocurilor pentru optimizarea factorului de reproducere initiala la reactorii rapizi multizonali. /teza de doctorat</subfield></datafield><datafield ind1=" " ind2=" " tag="260"><subfield code="a">Bucuresti, Inst.De Fizica Atomica, 1971, 163p</subfield></datafield><datafield ind1=" " ind2=" " tag="852"><subfield code="a">34770</subfield></datafield></record></collection>